<record><leader>00000cas a22000007a 4500</leader><controlfield tag="001">30333524</controlfield><controlfield tag="008">940426d18uu1uuuohuwr ne      0    0eng d</controlfield><datafield ind1=" " ind2=" " tag="010"><subfield code="a">sn 94051572 </subfield></datafield><datafield ind1=" " ind2=" " tag="040"><subfield code="a">CNK</subfield><subfield code="b">eng</subfield><subfield code="c">CNK</subfield><subfield code="d">OCL</subfield><subfield code="d">OCLCQ</subfield><subfield code="d">OCLCF</subfield><subfield code="d">OCLCO</subfield></datafield><datafield ind1="1" ind2=" " tag="029"><subfield code="a">AU@</subfield><subfield code="b">000010972565</subfield></datafield><datafield ind1=" " ind2=" " tag="042"><subfield code="a">msc</subfield></datafield><datafield ind1=" " ind2=" " tag="043"><subfield code="a">n-us-oh</subfield></datafield><datafield ind1="0" ind2="4" tag="245"><subfield code="a">The Findlay courier and Hancock County Democrat.</subfield></datafield><datafield ind1=" " ind2=" " tag="260"><subfield code="a">Findlay, Ohio :</subfield><subfield code="b">H. Bishop</subfield></datafield><datafield ind1=" " ind2=" " tag="300"><subfield code="a">v.</subfield></datafield><datafield ind1=" " ind2=" " tag="310"><subfield code="a">Weekly</subfield></datafield><datafield ind1=" " ind2=" " tag="588"><subfield code="a">Description based on: Vol. 4, no. 7 (Feb. 16, 1843) = whole no. 163.</subfield></datafield><datafield ind1=" " ind2="0" tag="651"><subfield code="a">Findlay (Ohio)</subfield><subfield code="v">Newspapers.</subfield></datafield><datafield ind1=" " ind2="7" tag="655"><subfield code="a">Newspapers.</subfield><subfield code="2">fast</subfield><subfield code="0">(OCoLC)fst01423814</subfield></datafield><datafield ind1=" " ind2="7" tag="651"><subfield code="a">Ohio</subfield><subfield code="z">Findlay.</subfield><subfield code="2">fast</subfield><subfield code="0">(OCoLC)fst01231787</subfield></datafield><datafield ind1=" " ind2=" " tag="752"><subfield code="a">United States</subfield><subfield code="b">Ohio</subfield><subfield code="c">Hancock</subfield><subfield code="d">Findlay.</subfield></datafield><datafield ind1="0" ind2="4" tag="780"><subfield code="t">Findlay courier (Findlay, Ohio : 1841)</subfield><subfield code="w">(DLC)sn 94051573</subfield></datafield><datafield ind1="0" ind2="4" tag="780"><subfield code="t">Hancock County Democrat (Findlay, Ohio)</subfield></datafield></record>